<record><leader>00000cas a22000007a 4500</leader><controlfield tag="001">14289058</controlfield><controlfield tag="008">861001d18781878njuwr ne      0    0eng d</controlfield><datafield ind1=" " ind2=" " tag="010"><subfield code="a">sn 86077256 </subfield></datafield><datafield ind1=" " ind2=" " tag="040"><subfield code="a">NPA</subfield><subfield code="b">eng</subfield><subfield code="c">NPA</subfield><subfield code="d">NJW</subfield><subfield code="d">OCLCQ</subfield></datafield><datafield ind1=" " ind2=" " tag="042"><subfield code="a">msc</subfield></datafield><datafield ind1="0" ind2=" " tag="130"><subfield code="a">New Jersey Republican (Hackensack, N.J.)</subfield></datafield><datafield ind1="1" ind2="4" tag="245"><subfield code="a">The New Jersey Republican.</subfield></datafield><datafield ind1=" " ind2=" " tag="260"><subfield code="a">Hackensack, N.J. :</subfield><subfield code="b">Bleecker &amp; Chrystal,</subfield><subfield code="c">1878.</subfield></datafield><datafield ind1=" " ind2=" " tag="300"><subfield code="a">v.</subfield></datafield><datafield ind1=" " ind2=" " tag="310"><subfield code="a">Weekly</subfield></datafield><datafield ind1="1" ind2=" " tag="362"><subfield code="a">Began in 1878.</subfield></datafield><datafield ind1="0" ind2=" " tag="362"><subfield code="a">-v. 8, no. 52 (Sept. 5, 1878).</subfield></datafield><datafield ind1=" " ind2=" " tag="588"><subfield code="a">Description based on: Vol. 8, no. 27 (Mar. 14, 1878).</subfield></datafield><datafield ind1=" " ind2=" " tag="752"><subfield code="a">United States</subfield><subfield code="b">New Jersey</subfield><subfield code="c">Bergen</subfield><subfield code="d">Hackensack.</subfield></datafield><datafield ind1="0" ind2="0" tag="780"><subfield code="t">New Jersey Republican and Bergen County watchman</subfield><subfield code="w">(DLC)sn 84038708</subfield><subfield code="w">(OCoLC)11459803</subfield></datafield><datafield ind1="0" ind2="0" tag="785"><subfield code="t">Hackensack Republican</subfield><subfield code="w">(DLC)sn 85035911</subfield><subfield code="w">(OCoLC)13210424</subfield></datafield><datafield ind1="1" ind2=" " tag="029"><subfield code="a">AU@</subfield><subfield code="b">000025809399</subfield></datafield></record>